@inproceedings {Li:2014:OSDI,
author = {Mu Li and David G. Andersen and Jun Woo Park and Alexander J. Smola and Amr Ahmed and Vanja Josifovski and James Long and Eugene J. Shekita and Bor-Yiing Su},
title = {Scaling Distributed Machine Learning with the Parameter Server},
booktitle = {11th USENIX Symposium on Operating Systems Design and Implementation (OSDI 14)},
year = {2014},
month = Oct,
isbn = { 978-1-931971-16-4},
address = {Broomfield, CO},
pages = {583--598},
url = {https://www.usenix.org/conference/osdi14/technical-sessions/presentation/li_mu},
publisher = {USENIX Association},
}

@inproceedings{GraphLab:OSDI,
 author = {Gonzalez, Joseph E. and Low, Yucheng and Gu, Haijie and Bickson, Danny and Guestrin, Carlos},
 title = {PowerGraph: Distributed Graph-parallel Computation on Natural Graphs},
 booktitle = {Proceedings of the 10th USENIX Conference on Operating Systems Design and Implementation},
 series = {OSDI'12},
 year = {2012},
 isbn = {978-1-931971-96-6},
 location = {Hollywood, CA, USA},
 pages = {17--30},
 numpages = {14},
 url = {http://dl.acm.org/citation.cfm?id=2387880.2387883},
 acmid = {2387883},
 publisher = {USENIX Association},
 address = {Berkeley, CA, USA},
} 

@inproceedings{Spark,
 author = {Xin, Reynold S. and Rosen, Josh and Zaharia, Matei and Franklin, Michael J. and Shenker, Scott and Stoica, Ion},
 title = {Shark: SQL and Rich Analytics at Scale},
 booktitle = {Proceedings of the 2013 ACM SIGMOD International Conference on Management of Data},
 series = {SIGMOD '13},
 year = {2013},
 isbn = {978-1-4503-2037-5},
 location = {New York, New York, USA},
 pages = {13--24},
 numpages = {12},
 url = {http://doi.acm.org/10.1145/2463676.2465288},
 doi = {10.1145/2463676.2465288},
 acmid = {2465288},
 publisher = {ACM},
 address = {New York, NY, USA},
 keywords = {data warehouse, databases, hadoop, machine learning, shark, spark},
} 

@incollection{Google, 
    Title = {Large Scale Distributed Deep Networks}, 
    Url = {http://books.nips.cc/papers/files/nips25/NIPS2012_0598.pdf}, 
    Booktitle = {Advances in Neural Information Processing Systems 25}, 
    Author = {Jeffrey Dean and Greg Corrado and Rajat Monga and Kai Chen and Matthieu Devin and Mark Mao and Marc'aurelio Ranzato and Andrew Senior and Paul Tucker and Ke Yang and Quoc V. Le and Andrew Y. Ng}, 
    Editor = {P. Bartlett and F.c.n. Pereira and C.j.c. Burges and L. Bottou and K.q. Weinberger}, 
    Year = {2012}, 
    Pages = {1232--1240} 
   }


@article{Yahoo,
 author = {Smola, Alexander and Narayanamurthy, Shravan},
 title = {An Architecture for Parallel Topic Models},
 journal = {Proc. VLDB Endow.},
 issue_date = {September 2010},
 volume = {3},
 number = {1-2},
 month = sep,
 year = {2010},
 issn = {2150-8097},
 pages = {703--710},
 numpages = {8},
 url = {http://dx.doi.org/10.14778/1920841.1920931},
 doi = {10.14778/1920841.1920931},
 acmid = {1920931},
 publisher = {VLDB Endowment},
} 
